@book{Ball22,
  title = {Das Metaverse: Und wie es alles revolutionieren wird},
  publisher = {Liverright Publishing Corporation},
  year = {2022},
  author = {Matthew Ball},
  isbn = {978-3-8006-6939-4},
  owner = {},
  price = {24,90},
  timestamp = {2024.02.14},
  totalpages = {328},
  url = {}
}
@book{Drip22,
  title = {Metaverse: Was es ist. Wie es funktioniert. Wann es kommt.},
  publisher = {Diplomatic Council Publishing},
  year = {2022},
  author = {Andreas Dripke,Marc Ruberg, Detlef Schmuck},
  isbn = {978-3-947818-87-7},
  owner = {},
  price = {},
  timestamp = {},
  totalpages = {256},
  url = {}
}
@book{Hypp22,
  title = {Was vernetzt ist, ist angreifbar: Wie Geheimdienste und Kriminelle uns im Netz infiltrieren},
  publisher = {John Wiley and Sons, Inc.},
  year = {2022},
  author = {Mikko Hyppönen},
  isbn = {978-3-527-51150-1},
  owner = {},
  price = {},
  timestamp = {},
  totalpages = {309},
  url = {}
}
@book{Schu11,
  title = {Magdeburger Journal zur Sicherheitsforschung},
  publisher = {Meine Verlag – Wissenschafts-, Sach- und Fachbuchverlag, Magdeburg},
  year = {2011},
  author = {Stefan Schumacher},
  isbn = {2192-4260},
  owner = {},
  price = {},
  timestamp = {},
  totalpages = {26},
  url = {}
}
@book{Hadn11,
  title = {Die Kunst des Human Hacking: Social Engineering - Deutsche Ausgabe},
  publisher = {mitp},
  year = {2011},
  author = {Christopher Hadnagy},
  isbn = {978-3-8266-9167-6},
  owner = {},
  price = {},
  timestamp = {},
  totalpages = {463},
  url = {}
}